@article{goodfellow,
author = {Goodfellow, Ian and Pouget-Abadie, Jean and Mirza, Mehdi and Xu, Bing and Warde-Farley, David and Ozair, Sherjil and Courville, Aaron and Bengio, Y.},
year = {2014},
month = {06},
pages = {},
title = {Generative Adversarial Networks},
volume = {3},
journal = {Advances in Neural Information Processing Systems},
doi = {10.1145/3422622}
}

@INPROCEEDINGS{2,
  author={Rombach, Robin and Blattmann, Andreas and Lorenz, Dominik and Esser, Patrick and Ommer, Björn},
  booktitle={2022 IEEE/CVF Conference on Computer Vision and Pattern Recognition (CVPR)}, 
  title={High-Resolution Image Synthesis with Latent Diffusion Models}, 
  year={2022},
  volume={},
  number={},
  pages={10674-10685},
  keywords={Training;Visualization;Image synthesis;Computational modeling;Noise reduction;Superresolution;Process control;Image and video synthesis and generation},
  doi={10.1109/CVPR52688.2022.01042}}

@inproceedings{3,
  title={CNN-generated images are surprisingly easy to spot... for now},
  author={Wang, Sheng-Yu and Wang, Oliver and Zhang, Richard and Owens, Andrew and Efros, Alexei A},
  booktitle={Proceedings of the IEEE/CVF conference on computer vision and pattern recognition},
  pages={8695--8704},
  year={2020}
}

@inproceedings{4,
  title={Are GAN generated images easy to detect? A critical analysis of the state-of-the-art},
  author={Gragnaniello, Diego and Cozzolino, Davide and Marra, Francesco and Poggi, Giovanni and Verdoliva, Luisa},
  booktitle={2021 IEEE international conference on multimedia and expo (ICME)},
  pages={1--6},
  year={2021},
  organization={IEEE}
}

@inproceedings{5,
title={Diffusion Models Beat {GAN}s on Image Synthesis},
author={Prafulla Dhariwal and Alexander Quinn Nichol},
booktitle={Advances in Neural Information Processing Systems},
editor={A. Beygelzimer and Y. Dauphin and P. Liang and J. Wortman Vaughan},
year={2021},
url={https://openreview.net/forum?id=AAWuCvzaVt}
}

@article{6,
  title={Cifake: Image classification and explainable identification of ai-generated synthetic images},
  author={Bird, Jordan J and Lotfi, Ahmad},
  journal={IEEE Access},
  year={2024},
  publisher={IEEE}
}

@inproceedings{7,
  title={Learning Multiple Layers of Features from Tiny Images},
  author={Alex Krizhevsky},
  year={2009},
  url={https://api.semanticscholar.org/CorpusID:18268744}
}

@article{8,
  title={Deep Residual Learning for Image Recognition},
  author={Kaiming He and X. Zhang and Shaoqing Ren and Jian Sun},
  journal={2016 IEEE Conference on Computer Vision and Pattern Recognition (CVPR)},
  year={2015},
  pages={770-778},
  url={https://api.semanticscholar.org/CorpusID:206594692}
}

@ARTICLE{9,
  author={Man, K.F. and Tang, K.S. and Kwong, S.},
  journal={IEEE Transactions on Industrial Electronics}, 
  title={Genetic algorithms: concepts and applications [in engineering design]}, 
  year={1996},
  volume={43},
  number={5},
  pages={519-534},
  keywords={Genetic algorithms;Design engineering;Knowledge engineering;Paper technology;Algorithm design and analysis;Genetic engineering;Problem-solving;Availability;System recovery},
  doi={10.1109/41.538609}}

@INPROCEEDINGS{10,
  author={Kennedy, J. and Eberhart, R.},
  booktitle={Proceedings of ICNN'95 - International Conference on Neural Networks}, 
  title={Particle swarm optimization}, 
  year={1995},
  volume={4},
  number={},
  pages={1942-1948 vol.4},
  keywords={Particle swarm optimization;Birds;Educational institutions;Marine animals;Testing;Humans;Genetic algorithms;Optimization methods;Artificial neural networks;Performance evaluation},
  doi={10.1109/ICNN.1995.488968}}

@inproceedings{11,
author = {Karaboga, Dervis and Basturk, Bahriye},
year = {2007},
month = {01},
pages = {789-798},
title = {Artificial Bee Colony (ABC) Optimization Algorithm for Solving Constrained Optimization Problems},
volume = {4529},
isbn = {978-3-540-72917-4},
doi = {10.1007/978-3-540-72950-1_77}
}

@article{12,
author = {Mirjalili, Seyedali and Mirjalili, Seyed and Lewis, Andrew},
year = {2014},
month = {03},
pages = {46–61},
title = {Grey Wolf Optimizer},
volume = {69},
journal = {Advances in Engineering Software},
doi = {10.1016/j.advengsoft.2013.12.007}
}

@article{13,
  title={Metaheuristic Algorithms on Feature Selection: A Survey of One Decade of Research (2009-2019)},
  author={Prachi Agrawal and Hattan F. Abutarboush and Talari Ganesh and Ali Wagdy Mohamed},
  journal={IEEE Access},
  year={2021},
  volume={9},
  pages={26766-26791},
  url={https://api.semanticscholar.org/CorpusID:231972683}
}

@article{14,
author = {Basu, Arpan and Sheikh, Khalid and Cuevas, Erik and Sarkar, Ram},
year = {2022},
month = {05},
pages = {116377},
title = {COVID-19 detection from CT scans using a two-stage framework},
volume = {193},
journal = {Expert Systems with Applications},
doi = {10.1016/j.eswa.2021.116377}
}

@article{15,
  title={Novel Feature Selection and Voting Classifier Algorithms for COVID-19 Classification in CT Images},
  author={El-sayed M. El-kenawy and Abdelhameed Ibrahim and Seyed Mohammad Mirjalili and Marwa Metwally Eid and Sherif El-Sayed Hussein},
  journal={Ieee Access},
  year={2020},
  volume={8},
  pages={179317 - 179335},
  url={https://api.semanticscholar.org/CorpusID:222296761}
}

@article{16,
  title={Reminder of the First Paper on Transfer Learning in Neural Networks, 1976},
  author={Stevo Bozinovski},
  journal={Informatica (Slovenia)},
  year={2020},
  volume={44},
  url={https://api.semanticscholar.org/CorpusID:227241910}
}

@article{17,
  title={ImageNet classification with deep convolutional neural networks},
  author={Alex Krizhevsky and Ilya Sutskever and Geoffrey E. Hinton},
  journal={Communications of the ACM},
  year={2012},
  volume={60},
  pages={84 - 90},
  url={https://api.semanticscholar.org/CorpusID:195908774}
}

@inproceedings{18,
  title={Deep residual learning for image recognition},
  author={He, Kaiming and Zhang, Xiangyu and Ren, Shaoqing and Sun, Jian},
  booktitle={Proceedings of the IEEE conference on computer vision and pattern recognition},
  pages={770--778},
  year={2016}
}

@inproceedings{19,
  title={Identity mappings in deep residual networks},
  author={He, Kaiming and Zhang, Xiangyu and Ren, Shaoqing and Sun, Jian},
  booktitle={Computer Vision--ECCV 2016: 14th European Conference, Amsterdam, The Netherlands, October 11--14, 2016, Proceedings, Part IV 14},
  pages={630--645},
  year={2016},
  organization={Springer}
}

@article{20,
  title={Mobilenets: Efficient convolutional neural networks for mobile vision applications},
  author={Howard, Andrew G and Zhu, Menglong and Chen, Bo and Kalenichenko, Dmitry and Wang, Weijun and Weyand, Tobias and Andreetto, Marco and Adam, Hartwig},
  journal={arXiv preprint arXiv:1704.04861},
  year={2017}
}

@inproceedings{21,
  title={Densely connected convolutional networks},
  author={Huang, Gao and Liu, Zhuang and Van Der Maaten, Laurens and Weinberger, Kilian Q},
  booktitle={Proceedings of the IEEE conference on computer vision and pattern recognition},
  pages={4700--4708},
  year={2017}
}

@article{22,
author = {Kirkpatrick, Scott and Gelatt, C. and Vecchi, M.},
year = {1983},
month = {06},
pages = {671-80},
title = {Optimization by Simulated Annealing},
volume = {220},
journal = {Science (New York, N.Y.)},
doi = {10.1126/science.220.4598.671}
}

@article{23,
author = {Venkata Rao, Ravipudi and Savsani, Vimal and Vakharia, D.},
year = {2011},
month = {03},
pages = {303-315},
title = {Teaching-Learning-Based Optimization: A novel method for constrained mechanical design optimization problems},
volume = {43},
journal = {Computer-Aided Design},
doi = {10.1016/j.cad.2010.12.015}
}

@article{24,
author = {Ghasemi, Mojtaba and Akbari, Ebrahim and Zand, Mohammad and Hadipour, Morteza and Ghavidel, Sahand and Li, Li},
year = {2020},
month = {03},
pages = {1-15},
title = {An Efficient Modified HPSO-TVAC-Based Dynamic Economic Dispatch of Generating Units},
volume = {47},
journal = {Electric Power Components and Systems},
doi = {10.1080/15325008.2020.1731876}
}

@inproceedings{25,
  title={Learning transferable architectures for scalable image recognition},
  author={Zoph, Barret and Vasudevan, Vijay and Shlens, Jonathon and Le, Quoc V},
  booktitle={Proceedings of the IEEE conference on computer vision and pattern recognition},
  pages={8697--8710},
  year={2018}
}

@article{26,
  title={The Coral Reefs Optimization Algorithm: A Novel Metaheuristic for Efficiently Solving Optimization Problems},
  author={Sancho Salcedo-Sanz and Javier Del Ser and Itziar Landa-Torres and Sergio Gil-Lopez and Jos{\'e} Antonio Portilla-Figueras},
  journal={The Scientific World Journal},
  year={2014},
  volume={2014},
  url={https://api.semanticscholar.org/CorpusID:16145011}
}

@article{27,
author = {Gao, X.Z. and Govindasamy, V. and Xu, He and Wang, Xianjia and Zenger, Kai},
year = {2015},
month = {04},
pages = {1-10},
title = {Harmony Search Method: Theory and Applications},
volume = {2015},
journal = {Computational Intelligence and Neuroscience},
doi = {10.1155/2015/258491}
}

@inproceedings{28,
  title={Searching for mobilenetv3},
  author={Howard, Andrew and Sandler, Mark and Chu, Grace and Chen, Liang-Chieh and Chen, Bo and Tan, Mingxing and Wang, Weijun and Zhu, Yukun and Pang, Ruoming and Vasudevan, Vijay and others},
  booktitle={Proceedings of the IEEE/CVF international conference on computer vision},
  pages={1314--1324},
  year={2019}
}

@software{28mafese,
  author       = {Nguyen Van Thieu, Ngoc Hung Nguyen, Ali Asghar Heidari},
  title        = {Feature Selection using Metaheuristics Made Easy: Open Source MAFESE Library in Python},
  month        = may,
  year         = 2023,
  publisher    = {Zenodo},
  doi          = {10.5281/zenodo.7969042},
  url          = {https://github.com/thieu1995/mafese}
}

@article{29,
  title={A novel Random Walk Grey Wolf Optimizer},
  author={Shubham Kumar Gupta and Kusum Deep},
  journal={Swarm Evol. Comput.},
  year={2019},
  volume={44},
  pages={101-112},
  url={https://api.semanticscholar.org/CorpusID:58951965}
}

@article{30,
author = {Ababneh, Jafar},
year = {2021},
month = {09},
pages = {1-14},
title = {A Hybrid Approach Based on Grey Wolf and Whale Optimization Algorithms for Solving Cloud Task Scheduling Problem},
volume = {2021},
journal = {Mathematical Problems in Engineering},
doi = {10.1155/2021/3517145}
}

@article{31,
  title={The Whale Optimization Algorithm},
  author={Seyed Mohammad Mirjalili and Andrew Lewis},
  journal={Adv. Eng. Softw.},
  year={2016},
  volume={95},
  pages={51-67},
  url={https://api.semanticscholar.org/CorpusID:205296445}
}

@article{32,
  title={A hybrid improved whale optimization algorithm},
  author={Chenjun Tang and Wei Sun and Wei Wu and Min Xue},
  journal={2019 IEEE 15th International Conference on Control and Automation (ICCA)},
  year={2019},
  pages={362-367},
  url={https://api.semanticscholar.org/CorpusID:208034677}
}

@article{33,
author = {Abedinpourshotorban, Hosein and Shamsuddin, Siti Mariyam and Beheshti, Zahra and Jawawi, Dayang},
year = {2015},
month = {08},
pages = {},
title = {Electromagnetic field optimization: A physics-inspired metaheuristic optimization algorithm},
volume = {26},
journal = {Swarm and Evolutionary Computation},
doi = {10.1016/j.swevo.2015.07.002}
}